% This file was created with JabRef 2.10b2.
% Encoding: UTF-8


@Article{kats:crowd-flow,
  Title                    = {Modelling of self-driven particles: Foraging ants and pedestrians},
  Author                   = {Katsuhiro Nishinari, Ken Sugawara, Toshiya Kazama, Andreas Schadschneider and Debashsis Chowdhury},
  Journal                  = {Physica A},
  Year                     = {2006},
  Number                   = {372},
  Pages                    = {132-141},

  Owner                    = {crmckay},
  Timestamp                = {2014.05.16}
}

@Article{rickert:twolane,
  Title                    = {Two lane traffic simulations using cellular automata},
  Author                   = {M.Rickert, K.Nagel, M.Schreckenberg, and A.Latour},
  Journal                  = {Physica A},
  Year                     = {1995},

  Owner                    = {crmckay},
  Timestamp                = {2014.05.16}
}

@Article{nagel:freeway,
  Title                    = {A cellular automaton model for freeway traffic},
  Author                   = {Kai Nagel and Michael Schreckenberg},
  Journal                  = {J. Phys. I France},
  Year                     = {1992},

  Month                    = {December},
  Number                   = {12},
  Pages                    = {2221-2229},
  Volume                   = {2},

  Owner                    = {crmckay},
  Timestamp                = {2014.05.16}
}

@Article{zhao:crowd-evac,
  Title                    = {Exit dynamics of occupant evacuation in an emergency},
  Author                   = {Zhao Daoliang, Yang Lizhong, and Li Jian},
  Journal                  = {Physica A},
  Year                     = {2006},
  Pages                    = {501-511},

  Owner                    = {crmckay},
  Timestamp                = {2014.05.16}
}

@Article{zhen:crowd-evac,
  Title                    = {Modeling crowd evacuation of a building based on seven methodological approaches},
  Author                   = {Zhen Xaoping, Zhong Tingkuan, and Liu Mengting},
  Journal                  = {Building and Environment},
  Year                     = {2009},
  Pages                    = {437-445},

  Owner                    = {crmckay},
  Timestamp                = {2014.05.16}
}

